<?xml version="1.0" encoding="UTF-8"?><collection xmlns="http://www.loc.gov/MARC21/slim"><record><leader>00358nam--2200133-i-4500</leader><controlfield tag="001">000015672</controlfield><controlfield tag="002">20161230</controlfield><controlfield tag="005">20161230201031</controlfield><controlfield tag="008">060222s1000------------r-----000-0-eng-d</controlfield><datafield ind1=" " ind2=" " tag="080"><subfield code="a">543:615</subfield></datafield><datafield ind1=" " ind2=" " tag="100"><subfield code="a">Charton, M /S.A.</subfield></datafield><datafield ind1=" " ind2=" " tag="245"><subfield code="a">Steric effects in drug design. with 4o figures and 19 tables</subfield></datafield><datafield ind1=" " ind2=" " tag="260"><subfield code="a">Berlin, Akademik-verlag, 1983. 157 P</subfield></datafield><datafield ind1=" " ind2=" " tag="852"><subfield code="a">73324</subfield></datafield></record></collection>